@article{Drouard2019,
author = {Drouard, Marie and Kornhuber, Kai and Woollings, Tim},
title = {Disentangling Dynamic Contributions to Summer 2018 Anomalous Weather Over Europe},
journal = {Geophysical Research Letters},
volume = {46},
number = {21},
pages = {12537-12546},
year = {2019}
doi = {10.1029/2019GL084601},
}

@article{Colette_2015,
	doi = {10.1088/1748-9326/10/8/084015},
	url = {https://doi.org/10.1088%2F1748-9326%2F10%2F8%2F084015},
	year = 2015,
	month = {aug},
	publisher = {{IOP} Publishing},
	volume = {10},
	number = {8},
	pages = {084015},
	author = {Augustin Colette and Camilla Andersson and Alexander Baklanov and Bertrand Bessagnet and J{\o}rgen Brandt and Jesper H Christensen and Ruth Doherty and Magnuz Engardt and Camilla Geels and Christos Giannakopoulos and Gitte B Hedegaard and Eleni Katragkou and Joakim Langner and Hang Lei and Astrid Manders and Dimitris Melas and Fr{\'{e}}d{\'{e}}rik Meleux and Laurence Rouïl and Mikhail Sofiev and Joana Soares and David S Stevenson and Maria Tombrou-Tzella and Konstantinos V Varotsos and Paul Young},
	title = {Is the ozone climate penalty robust in Europe?},
	journal = {Environmental Research Letters},
}

@Article{Langner2012,
AUTHOR = {Langner, J. and Engardt, M. and Baklanov, A. and Christensen, J. H. and Gauss, M. and Geels, C. and Hedegaard, G. B. and Nuterman, R. and Simpson, D. and Soares, J. and Sofiev, M. and Wind, P. and Zakey, A.},
TITLE = {A multi-model study of impacts of climate change on surface ozone in Europe},
JOURNAL = {Atmospheric Chemistry and Physics},
VOLUME = {12},
YEAR = {2012},
NUMBER = {21},
PAGES = {10423--10440},
URL = {https://acp.copernicus.org/articles/12/10423/2012/},
DOI = {10.5194/acp-12-10423-2012}
}

@article{Hoy2020,
author = {Hoy, Andreas and Hänsel, Stephanie and Maugeri, Maurizio},
title = {An endless summer: 2018 heat episodes in Europe in the context of secular temperature variability and change},
journal = {International Journal of Climatology},
volume = {n/a},
number = {n/a},
pages = {},
year = {2020},
doi = {10.1002/joc.6582},
}

@article{Johansson2020,
author = {Johansson, Julia M. and Watne, Agot K. and Karlsson, Per Erik and Karlsson, Gunilla Pihl and Danielsson, Helena and Andersson, Camilla and Pleijel, Hakan},
journal = {Boreal environment research},
pages = {39--50},
title = {The European heat wave of 2018 and its promotion of the ozone climate penalty in southwest Sweden},
volume = {25},
year = {2020},
}

article {Luterbacher2004,
	author = {Luterbacher, J{\"u}rg and Dietrich, Daniel and Xoplaki, Elena and Grosjean, Martin and Wanner, Heinz},
	title = {European Seasonal and Annual Temperature Variability, Trends, and Extremes Since 1500},
	volume = {303},
	number = {5663},
	pages = {1499--1503},
	year = {2004},
	doi = {10.1126/science.1093877},
	URL = {https://science.sciencemag.org/content/303/5663/1499},
	journal = {Science}
}

@TECHREPORT{WMO2019,
  institution = { World Meteorological Organization, Geneva , Switzerland},
  title = {WMO Statement on the State of the Global Climate in 2018},
  number = {WMO-No 1233},
  year = {2019},
  URL = {https://library.wmo.int/doc_num.php?explnum_id=5789},
  }

@article{Solberg2008,
author = {Solberg, S. and Hov, Ø. and Søvde, A. and Isaksen, I. S. A. and Coddeville, P. and De Backer, H. and Forster, C. and Orsolini, Y. and Uhse, K.},
title = {European surface ozone in the extreme summer 2003},
journal = {Journal of Geophysical Research: Atmospheres},
volume = {113},
number = {D7},
pages = {},
keywords = {tropospheric ozone, climate change, feedback},
doi = {10.1029/2007JD009098},
url = {https://agupubs.onlinelibrary.wiley.com/doi/abs/10.1029/2007JD009098},
year = {2008}
}

@article{Henze2006,
author = {Henze, Daven K. and Seinfeld, John H.},
title = {Global secondary organic aerosol from isoprene oxidation},
journal = {Geophysical Research Letters},
volume = {33},
number = {9},
pages = {},
doi = {10.1029/2006GL025976},
url = {https://agupubs.onlinelibrary.wiley.com/doi/abs/10.1029/2006GL025976},
eprint = {https://agupubs.onlinelibrary.wiley.com/doi/pdf/10.1029/2006GL025976},
year = {2006}
}


@article{Simpson2007,
author = {Simpson, D. and Yttri, K. E. and Klimont, Z. and Kupiainen, K. and Caseiro, A. and Gelencsér, A. and Pio, C. and Puxbaum, H. and Legrand, M.},
title = {Modeling carbonaceous aerosol over Europe: Analysis of the CARBOSOL and EMEP EC/OC campaigns},
journal = {Journal of Geophysical Research: Atmospheres},
volume = {112},
number = {D23},
pages = {},
keywords = {modeling, organic aerosol},
doi = {10.1029/2006JD008158},
url = {https://agupubs.onlinelibrary.wiley.com/doi/abs/10.1029/2006JD008158},
year = {2007}
}

@Article{Simpson2012,
AUTHOR = {Simpson, D. and Benedictow, A. and Berge, H. and Bergstr\"om, R. and Emberson, L. D. and Fagerli, H. and Flechard, C. R. and Hayman, G. D. and Gauss, M. and Jonson, J. E. and Jenkin, M. E. and Ny\'{\i}ri, A. and Richter, C. and Semeena, V. S. and Tsyro, S. and Tuovinen, J.-P. and Valdebenito, \'A. and Wind, P.},
TITLE = {The EMEP MSC-W chemical transport model -- technical description},
JOURNAL = {Atmospheric Chemistry and Physics},
VOLUME = {12},
YEAR = {2012},
NUMBER = {16},
PAGES = {7825--7865},
URL = {https://www.atmos-chem-phys.net/12/7825/2012/},
DOI = {10.5194/acp-12-7825-2012}
}

@Article{Simpson2014,
AUTHOR = {Simpson, D. and Andersson, C. and Christensen, J. H. and Engardt, M. and Geels, C. and Nyiri, A. and Posch, M. and Soares, J. and Sofiev, M. and Wind, P. and Langner, J.},
TITLE = {Impacts of climate and emission changes on nitrogen deposition  in Europe: a multi-model study},
JOURNAL = {Atmospheric Chemistry and Physics},
VOLUME = {14},
YEAR = {2014},
NUMBER = {13},
PAGES = {6995--7017},
URL = {https://acp.copernicus.org/articles/14/6995/2014/},
DOI = {10.5194/acp-14-6995-2014}
}

@Article{Pisso2019,
AUTHOR = {Pisso, I. and Sollum, E. and Grythe, H. and Kristiansen, N. I. and Cassiani, M. and Eckhardt, S. and Arnold, D. and Morton, D. and Thompson, R. L. and Groot Zwaaftink, C. D. and Evangeliou, N. and Sodemann, H. and Haimberger, L. and Henne, S. and Brunner, D. and Burkhart, J. F. and Fouilloux, A. and Brioude, J. and Philipp, A. and Seibert, P. and Stohl, A.},
TITLE = {The Lagrangian particle dispersion model FLEXPART version 10.4},
JOURNAL = {Geoscientific Model Development},
VOLUME = {12},
YEAR = {2019},
NUMBER = {12},
PAGES = {4955--4997},
URL = {https://gmd.copernicus.org/articles/12/4955/2019/},
DOI = {10.5194/gmd-12-4955-2019}
}

@Article{Yttri2011,
AUTHOR = {Yttri, K. E. and Simpson, D. and N{\o}jgaard, J. K. and Kristensen, K. and Genberg, J. and Stenstr\"om, K. and Swietlicki, E. and Hillamo, R. and Aurela, M. and Bauer, H. and Offenberg, J. H. and Jaoui, M. and Dye, C. and Eckhardt, S. and Burkhart, J. F. and Stohl, A. and Glasius, M.},
TITLE = {Source apportionment of the summer time carbonaceous aerosol at Nordic rural background sites},
JOURNAL = {Atmospheric Chemistry and Physics},
VOLUME = {11},
YEAR = {2011},
NUMBER = {24},
PAGES = {13339--13357},
URL = {https://www.atmos-chem-phys.net/11/13339/2011/},
DOI = {10.5194/acp-11-13339-2011}
}

@Article{Hoerger2015,
AUTHOR = {Hoerger, C. C. and Claude, A. and Plass-Duelmer, C. and Reimann, S. and Eckart, E. and Steinbrecher, R. and Aalto, J. and Arduini, J. and Bonnaire, N. and Cape, J. N. and Colomb, A. and Connolly, R. and Diskova, J. and Dumitrean, P. and Ehlers, C. and Gros, V. and Hakola, H. and Hill, M. and Hopkins, J. R. and J\"ager, J. and Junek, R. and Kajos, M. K. and Klemp, D. and Leuchner, M. and Lewis, A. C. and Locoge, N. and Maione, M. and Martin, D. and Michl, K. and Nemitz, E. and O'Doherty, S. and P\'erez Ballesta, P. and Ruuskanen, T. M. and Sauvage, S. and Schmidbauer, N. and Spain, T. G. and Straube, E. and Vana, M. and Vollmer, M. K. and Wegener, R. and Wenger, A.},
TITLE = {ACTRIS non-methane hydrocarbon intercomparison experiment in Europe to support WMO GAW and EMEP observation networks},
JOURNAL = {Atmospheric Measurement Techniques},
VOLUME = {8},
YEAR = {2015},
NUMBER = {7},
PAGES = {2715--2736},
URL = {https://www.atmos-meas-tech.net/8/2715/2015/},
DOI = {10.5194/amt-8-2715-2015}
}

@Article{Parrish1998,
author = {Parrish, D. D. and Trainer, M. and Young, V. and Goldan, P. D. and Kuster, W. C. and Jobson, B. T. and Fehsenfeld, F. C. and Lonneman, W. A. and Zika, R. D. and Farmer, C. T. and Riemer, D. D. and Rodgers, M. O.},
title = {Internal consistency tests for evaluation of measurements of anthropogenic hydrocarbons in the troposphere},
journal = {Journal of Geophysical Research: Atmospheres},
volume = {103},
number = {D17},
pages = {22339-22359},
doi = {10.1029/98JD01364},
url = {https://agupubs.onlinelibrary.wiley.com/doi/abs/10.1029/98JD01364},
year = {1998}
}

@article{Springston2007,
author = { Stephen R.  Springston  and  Arthur J. Sedlacek\_III},
title = {Noise Characteristics of an Instrumental Particle Absorbance Technique},
journal = {Aerosol Science and Technology},
volume = {41},
number = {12},
pages = {1110-1116},
year  = {2007},
publisher = {Taylor & Francis},
doi = {10.1080/02786820701777457},
}

@article{Berrisford2011,
author = {Berrisford, P. and Kållberg, P. and Kobayashi, S. and Dee, D. and Uppala, S. and Simmons, A. J. and Poli, P. and Sato, H.},
title = {Atmospheric conservation properties in ERA-Interim},
journal = {Quarterly Journal of the Royal Meteorological Society},
volume = {137},
number = {659},
pages = {1381-1399},
keywords = {ERA, budgets, mass, moisture, energy, angular momentum},
doi = {10.1002/qj.864},
url = {https://rmets.onlinelibrary.wiley.com/doi/abs/10.1002/qj.864},
year = {2011}
}

@article{Niinemets2003,
author = {Niinemets, {\"U}lo and Reichstein, Markus},
title = {Controls on the emission of plant volatiles through stomata: Differential sensitivity of emission rates to stomatal closure explained},
journal = {Journal of Geophysical Research: Atmospheres},
volume = {108},
number = {D7},
pages = {},
keywords = {emission dynamics, Henry's law constant, isoprene, methanol, monoterpene, gas-phase conductance},
doi = {10.1029/2002JD002620},
url = {https://agupubs.onlinelibrary.wiley.com/doi/abs/10.1029/2002JD002620},
year = {2003}
}



@TECHREPORT{ACTRIS2014,
  author = {ACTRIS},
  title = {WP4- NA4: Trace gases networking: Volatile organic carbon and nitrogen oxides},
  year = {2014},
  type = {Deliverable WP4 / D4.9},
  URL = {http://www.actris.eu/Portals/46/Data\%20and\%20Services/Measurement\%20guidelines/Near-surface\%20trace\%20gases/ACTRIS-1\%20Deliverable_WP4_D4.9_M42_v2_Sep2014.pdf?ver=2017-03-20-135044-},
}


@TECHREPORT{ACTRIS2019,
  author = {ACTRIS},
  title = {Atmospheric VOC Assessment Tool (@VOC@)},
  year = {2019},
  type = {can be accessed at: https://voc-qc.nilu.no/QATool and access can be requested from the authors.},
}

@article{VAUTARD2005,
title = "Simulation of ozone during the August 2003 heat wave and emission control scenarios",
journal = "Atmospheric Environment",
volume = "39",
number = "16",
pages = "2957 - 2967",
year = "2005",
issn = "1352-2310",
doi = "https://doi.org/10.1016/j.atmosenv.2005.01.039",
url = "http://www.sciencedirect.com/science/article/pii/S1352231005000889",
author = "R. Vautard and C. Honoré and M. Beekmann and L. Rouil",
}

@Article{Vieno2010,
AUTHOR = {Vieno, M. and Dore, A. J. and Stevenson, D. S. and Doherty, R. and Heal, M. R. and Reis, S. and Hallsworth, S. and Tarrason, L. and Wind, P. and Fowler, D. and Simpson, D. and Sutton, M. A.},
TITLE = {Modelling surface ozone during the 2003 heat-wave in the UK},
JOURNAL = {Atmospheric Chemistry and Physics},
VOLUME = {10},
YEAR = {2010},
NUMBER = {16},
PAGES = {7963--7978},
URL = {https://acp.copernicus.org/articles/10/7963/2010/},
DOI = {10.5194/acp-10-7963-2010}

