% This file was created with JabRef 2.7b.
% Encoding: UTF8

@STRING{aa = {Astron. Astrophys.}}

@STRING{aas = {Adv. Atmospheric Sciences}}
EMEP@STRING{acie = {Angew. Chem. Int. Ed.}}

@STRING{acp = {Atmos. Chem. Physics}}

@STRING{acpd = {Atmos. Chem. Phys. Discuss.}}

@STRING{ae = {Atmos. Environ.}}

@STRING{afm = {Agric. and Forest Meteor.}}

@STRING{ag = {Annales Geophysicae}}

@STRING{aj = {The Astrophysical Journal}}

@STRING{am = {Ambio}}

@STRING{analchem = {Anal. Chem.}}

@STRING{ao = {Appl. Opt.}}

@STRING{aoc = {Atmos. Ocean.}}

@STRING{ar = {Atmospheric Research}}

@STRING{aree = {Annu. Rev. Energy Environ.}}

@STRING{asr = {Adv. Space Res.}}

@STRING{ass = {Astrophysics and Space Science}}

@STRING{ast = {Aerosol Sci. Technol.}}

@STRING{ato = {Atmosphere--Ocean}}

@STRING{awr = {Adv. Water Resources}}

@STRING{bams = {Bulletin American Meteorological Society}}

@STRING{ber = {Boreal Environment Research}}

@STRING{bgs = {Biogeosciences}}

@STRING{blm = {Boundary Layer Meteorology}}

@STRING{boreal = {Boreal Env. Res.}}

@STRING{bpa = {Beitr. Phys. Atmosph.}}

@STRING{cap = {Cont. Atmos. Physics}}

@STRING{cc = {Computers Chem.}}

@STRING{cd = {Climate Dynamics}}

@STRING{cjc = {Can. J. Chem.}}

@STRING{cmame = {Comput. Methods Appl. Mech. Eng.}}

@STRING{cp = {Climate Policy}}

@STRING{cr = {Clim. Res.}}

@STRING{csr = {Cont. Shelf Res.}}

@STRING{dsr = {Deep Sea Res.}}

@STRING{ea = {Ecol. Applications}}

@STRING{em = {Ecol. Modelling}}

@STRING{emh = {Environ. Manag. Health}}

@STRING{ep = {Environ. Poll.}}

@STRING{er = {Environ. Rev.}}

@STRING{erl = {Environ. Res. Lett.}}

@STRING{esd = {Earth Syst. Dynam.}}

@STRING{est = {Environ. Sci. Technol.}}

@STRING{et = {Eos, Transactions}}

@STRING{etech = {Environmental Technology}}

@STRING{fd = {Faraday Discuss.}}

@STRING{focus = {Water, Air and Soil Pollution: Focus}}

@STRING{gbc = {Global Biogeochem. Cycles}}

@STRING{gcb = {Global Change Biol.}}

@STRING{gmd = {Geoscientific Model Dev.}}

@STRING{gmdd = {Geoscientific Model Dev. Discussions}}

@STRING{gn = {Geophysica Norvegica}}

@STRING{gpc = {Global and Planetary Change}}

@STRING{grl = {Geophys. Res. Lett.}}

@STRING{gs = {Geophysical Surveys}}

@STRING{i = {ICARUS}}

@STRING{iiasa = {International Institute for Applied Systems Analysis (IIASA), Laxenburg,
	Austria}}

@STRING{ijc = {Int. J. of Climatology}}

@STRING{ijep = {Int. J. Environment and Pollution}}

@STRING{ijetm = {Int. J. of Environmental Technology and Management}}

@STRING{ijrs = {Int. J. Remote Sensing}}

@STRING{ivl = {Swedish Environmental Research Institute (IVL), Gothenburg, Sweden}}

@STRING{jac = {J. Atmos. Chem.}}

@STRING{jaers = {J. of Aerosol Science}}

@STRING{jam = {J. Appl. Met.}}

@STRING{jas = {J. of Atmospheric Sciences}}

@STRING{jastp = {J. of Atmos. Solar--Terr. Phys.}}

@STRING{jatp = {J. of Atmos. Terr. Phys.}}

@STRING{jawma = {J. Air Waste Manage. Assoc.}}

@STRING{jc = {J. of Climate}}

@STRING{jcam = {J. Clim. Appl. Met.}}

@STRING{jclim = {J. Climate}}

@STRING{jcop = {J. Comp. Phys.}}

@STRING{jcp = {J. Chem. Phys.}}

@STRING{jem = {J. Environ. Monit.}}

@STRING{jgr = {J. Geophys. Res.}}

@STRING{jgra = {J. Geophys. Res.}}

@STRING{jgrb = {J. Geophys. Res.}}

@STRING{jma = {J. Math. Phys.}}

@STRING{jmsj = {J. Met. Soc. of Japan}}

@STRING{josa = {J. Opt. Soc. Am.}}

@STRING{jpc = {J. Phys. Chem.}}

@STRING{jpca = {J. Phys. Chem. A}}

@STRING{jpo = {J. Phys. Oceanogr.}}

@STRING{jqsrt = {J. Quant. Spectrosc. Radiat. Transfer}}

@STRING{lo = {Limnol. Oceanogr.}}

@STRING{map = {Meteorol. Atmos. Phys.}}

@STRING{mchem = {Marine Chem.}}

@STRING{meps = {Mar. Ecol. Prog. Ser.}}

@STRING{met = {Metrologia}}

@STRING{metno = {The Norwegian Meteorological Institute, Oslo, Norway}}

@STRING{mic = {Modelling, identification and control}}

@STRING{mnras = {Mon. Not. R. Astr. Soc}}

@STRING{mwr = {Mon. Weather Rev.}}

@STRING{nat = {Nature}}

@STRING{ncc = {Nat. Clim. Change}}

@STRING{ngeo = {Nature Geoscience}}

@STRING{nhess = {Nat. Hazards Earth Syst. Sci.}}

@STRING{nilu = {The Norwegian Institute for Air Research (NILU), Kjeller, Norway}}

@STRING{NP = {New Phytol.}}

@STRING{nse = {Nuclear Science and Engineering}}

@STRING{o = {Oceanography}}

@STRING{oa = {Optica Acta}}

@STRING{ol = {Origins of Life}}

@STRING{pag = {Pure and Applied Geophysics}}

@STRING{pasj = {Pub. Astron. Soc. of Japan}}

@STRING{pd = {Photodermatology}}

@STRING{phila = {Phil. Trans. R. Soc. Lond. A}}

@STRING{philb = {Phil. Trans. R. Soc. Lond. B}}

@STRING{pla = {Physics Letters A}}

@STRING{pnas = {Proceedings of the National Academy of Sciences of the United States of America}}

@STRING{pp = {Photochemistry and Photobiology}}

@STRING{pgeo = {Physical Geography}}

@STRING{pr = {Physical Review}}

@STRING{prd = {Physical Review D}}

@STRING{proca = {Proc. R. Soc. Lond. A}}

@STRING{procb = {Proc. R. Soc. Lond. B}}

@STRING{pss = {Planet. Space Sci.}}

@STRING{qjrms = {Q. J. R. Meteorol. Soc.}}

@STRING{rg = {Reviews of Geophysics}}

@STRING{rgsp = {Rev. Geophys. Space Phys.}}

@STRING{rmp = {Rev. Modern. Phys.}}

@STRING{rs = {Radio Science}}

@STRING{rse = {Remote Sensing of environment}}

@STRING{s = {Science}}

@STRING{sg = {Surveys in Geophysics}}

@STRING{siam = {SIAM J. Numer. Anal.}}

@STRING{sp = {Solar Physics}}

@STRING{spj = {Sov. Phys.--JETP}}

@STRING{ssr = {Space Science Reviews}}

@STRING{ste = {Sci. of the Total Environ.}}

@STRING{t = {Tellus}}

@STRING{tac = {Theor. Appl. Climatol.}}

@STRING{tb = {Tellus}}

@STRING{tfsc = {Tech. Forecasting \& Social Change}}

@STRING{wasp = {Water, Air and Soil Pollution}}

@STRING{zn = {Z. Naturforsch.}}

@TECHREPORT{EC2019,
  author = {Matthews, B. and Paunu, V.-V.},
  title = {EU-funded Action on Black Carbon in the Arctic, 2019. Review of Reporting Systems for National Black Carbon Emissions Inventories: EU Action on Black Carbon in the Arctic},
  year = {2019},
  number = {2},
  owner = {AMAP},
  url = {https://www.amap.no/documents/download/3377/inline},
}


@Article{Aerocom2020,
AUTHOR = {Gli{\ss}, J. and Mortier, A. and Schulz, M. and Andrews, E. and Balkanski, Y. and Bauer, S. E. and Benedictow, A. M. K. and Bian, H. and Checa-Garcia, R. and Chin, M. and Ginoux, P. and Griesfeller, J. J. and Heckel, A. and Kipling, Z. and Kirkev{\aa}g, A. and Kokkola, H. and Laj, P. and Le Sager, P. and Lund, M. T. and Lund Myhre, C. and Matsui, H. and Myhre, G. and Neubauer, D. and van Noije, T. and North, P. and Olivi\'e, D. J. L. and Sogacheva, L. and Takemura, T. and Tsigaridis, K. and Tsyro, S. G.},
TITLE = {Multi-model evaluation of aerosol optical properties in the AeroCom phase III Control experiment, using ground and space based columnar observations from AERONET, MODIS, AATSR and a merged satellite product as well as surface in-situ observations from GAW sites},
JOURNAL = {Atmospheric Chemistry and Physics Discussions},
VOLUME = {2020},
YEAR = {2020},
PAGES = {1--62},
URL = {https://acp.copernicus.org/preprints/acp-2019-1214/},
DOI = {10.5194/acp-2019-1214}
}

@article{Yang2009,
  title={Attribution of aerosol light absorption to black carbon, brown carbon, and dust in China--interpretations of atmospheric measurements during EAST-AIRE.},
  author={Yang, M and Howell, SG and Zhuang, J and Huebert, BJ},
  journal={Atmospheric Chemistry \& Physics},
  volume={9},
  number={6},
  year={2009}
}

@article{Utry2015,
  title={Mass-specific optical absorption coefficients and imaginary part of the complex refractive indices of mineral dust components measured by a multi-wavelength photoacoustic spectrometer},
  author={Utry, No{\'e}mi and Ajtai, Tibor and Pint{\'e}r, M{\'a}t{\'e} and Tomb{\'a}cz, Etelka and Ill{\'e}s, Erzs{\'e}bet and Boz{\'o}ki, Zolt{\'a}n and Szab{\'o}, G{\'a}bor},
  journal={Atmospheric Measurement Techniques},
  volume={8},
  number={1},
  pages={401},
  year={2015},
  publisher={Copernicus GmbH}
}

@article{Lack2009,
  title={Relative humidity dependence of light absorption by mineral dust after long-range atmospheric transport from the Sahara},
  author={Lack, Daniel A and Quinn, Patricia K and Massoli, Paola and Bates, Timothy S and Coffman, Derek and Covert, David S and Sierau, Berko and Tucker, Sara and Baynard, Tahllee and Lovejoy, Edward and others},
  journal={Geophysical research letters},
  volume={36},
  number={24},
  year={2009},
  publisher={Wiley Online Library}
}

@article{Reisinger2008,
  title={Intercomparison of measurement techniques for black or elemental carbon under urban background conditions in wintertime: Influence of biomass combustion},
  author={Reisinger, Peter and Wonasch{\"u}tz, A and Hitzenberger, Regina and Petzold, Andreas and Bauer, Heidi and Jankowski, Nicole and Puxbaum, Hans and Chi, Xuguang and Maenhaut, Willy},
  journal={Environmental science \& technology},
  volume={42},
  number={3},
  pages={884--889},
  year={2008},
  publisher={ACS Publications}
}

@article{Hitzenberger2006,
  title={Intercomparison of thermal and optical measurement methods for elemental carbon and black carbon at an urban location},
  author={Hitzenberger, Regina and Petzold, Andreas and Bauer, Heidi and Ctyroky, Peter and Pouresmaeil, Parissa and Laskus, Lothar and Puxbaum, Hans},
  journal={Environmental science \& technology},
  volume={40},
  number={20},
  pages={6377--6383},
  year={2006},
  publisher={ACS Publications}
}

@article{Petzold2013,
  title={Recommendations for the interpretation reporting of" black carbon" measurements},
  author={Petzold, Andreas and Ogren, John A and Fiebig, Markus and Laj, Pablo and Li, Shaomeng and Baltensperger, Urs and Holzer-Popp, Thomas and Kinne, Stefan and Pappalardo, Gelsomina and Sugimoto, Nobuo and others},
  journal={Atmospheric Chemistry and Physics},
  volume={13},
  pages={8365--8379},
  year={2013},
  publisher={Copernicus Publications}
}