@MISC{WMO1248:2020,
  author = {WMO},
  title = {WMO Statement on the State of the Global Climate in 2019},
  year = {2020},
  note = {{W}MO-No. 1248, \url{https://public.wmo.int/en/resources/library}, ISBN 978-92-62-11248-5}
}

@MISC{WMO1233:2018,
  author = {WMO},
  title = {WMO Statement on the State of the Global Climate in 2018},
  year = {2019},
  note = {{W}MO-No. 1233, \url{https://public.wmo.int/en/resources/library}, ISBN 978-92-63-11233-0}
}

@MISC{Overland:ARC2019,
  author = {Overland, J. and Hanna, E. and Hanssen-Bauer, I. and Kim, S.-J. and Walsh, J. E. and Wang, M. and Bhatt, U. S. and Thoman, R. L. and Ballinger, T. J.},
  title = {Surface Air Temperature},
  year = {2019},
  note = {in Arctic Report Card 2019, NOAA, \url{http://www.arctic.noaa.gov/Report-Card/Report-Card-Archive}}
}

@MISC{Overland:ARC2018,
  author = {Overland, J. and Hanna, E. and Hanssen-Bauer, I. and Kim, S.-J. and Walsh, J. E. and Wang, M. and Bhatt, U. S. and Thoman, R. L.},
  title = {Surface Air Temperature},
  year = {2018},
  note = {in Arctic Report Card 2018, NOAA, \url{http://www.arctic.noaa.gov/Report-Card/Report-Card-Archive}}
}

@article{Sensoy:Turkey2018,
author = {Sensoy, Serhat and Demircan, Mesut and Bölük, Erdoğan and Eskioğlu, Osman and Kervankıran, Sefer and Nadaroğlu, Yüksel and Aydın, Bahattin and Komuscu, Ali Umran and Eroğlu,},
year = {2019},
month = {01},
pages = {},
title = {State of the Climate in Turkey in 2018}
}