@TECHREPORT{CAMS2019,
  author = {Tarrason, L. and Hamer, P. and Guerreiro, C. and Meleux, F. and Rouil, L.},
  title = {Interim Annual Assessment Report for 2018. European air quality in 2018},
  year = {2019},
  number = {CAMS71\_2019SC3\_D1.1.1.-2018\_201908\_IAR2018V2},
  owner = {INERIS},
  url = {https://policy.atmosphere.copernicus.eu/reports/CAMS71_IAR_2018_Final_201908.pdf},
}

