% This file was created with JabRef 2.7b.
% Encoding: UTF8

@STRING{aa = {Astron. Astrophys.}}

@STRING{aas = {Adv. Atmospheric Sciences}}
EMEP@STRING{acie = {Angew. Chem. Int. Ed.}}

@STRING{acp = {Atmos. Chem. Physics}}

@STRING{acpd = {Atmos. Chem. Phys. Discuss.}}

@STRING{ae = {Atmos. Environ.}}

@STRING{afm = {Agric. and Forest Meteor.}}

@STRING{ag = {Annales Geophysicae}}

@STRING{aj = {The Astrophysical Journal}}

@STRING{am = {Ambio}}

@STRING{analchem = {Anal. Chem.}}

@STRING{ao = {Appl. Opt.}}

@STRING{aoc = {Atmos. Ocean.}}

@STRING{ar = {Atmospheric Research}}

@STRING{aree = {Annu. Rev. Energy Environ.}}

@STRING{asr = {Adv. Space Res.}}

@STRING{ass = {Astrophysics and Space Science}}

@STRING{ast = {Aerosol Sci. Technol.}}

@STRING{ato = {Atmosphere--Ocean}}

@STRING{awr = {Adv. Water Resources}}

@STRING{bams = {Bulletin American Meteorological Society}}

@STRING{ber = {Boreal Environment Research}}

@STRING{bgs = {Biogeosciences}}

@STRING{blm = {Boundary Layer Meteorology}}

@STRING{boreal = {Boreal Env. Res.}}

@STRING{bpa = {Beitr. Phys. Atmosph.}}

@STRING{cap = {Cont. Atmos. Physics}}

@STRING{cc = {Computers Chem.}}

@STRING{cd = {Climate Dynamics}}

@STRING{cjc = {Can. J. Chem.}}

@STRING{cmame = {Comput. Methods Appl. Mech. Eng.}}

@STRING{cp = {Climate Policy}}

@STRING{cr = {Clim. Res.}}

@STRING{csr = {Cont. Shelf Res.}}

@STRING{dsr = {Deep Sea Res.}}

@STRING{ea = {Ecol. Applications}}

@STRING{em = {Ecol. Modelling}}

@STRING{emh = {Environ. Manag. Health}}

@STRING{ep = {Environ. Poll.}}

@STRING{er = {Environ. Rev.}}

@STRING{erl = {Environ. Res. Lett.}}

@STRING{essd = {Earth Syst. Sci. Data}}

@STRING{esd = {Earth Syst. Dynam.}}

@STRING{est = {Environ. Sci. Technol.}}

@STRING{et = {Eos, Transactions}}

@STRING{etech = {Environmental Technology}}

@STRING{fd = {Faraday Discuss.}}

@STRING{focus = {Water, Air and Soil Pollution: Focus}}

@STRING{gbc = {Global Biogeochem. Cycles}}

@STRING{gcb = {Global Change Biol.}}

@STRING{gmd = {Geoscientific Model Dev.}}

@STRING{gmdd = {Geoscientific Model Dev. Discussions}}

@STRING{gn = {Geophysica Norvegica}}

@STRING{gpc = {Global and Planetary Change}}

@STRING{grl = {Geophys. Res. Lett.}}

@STRING{gs = {Geophysical Surveys}}

@STRING{i = {ICARUS}}

@STRING{iiasa = {International Institute for Applied Systems Analysis (IIASA), Laxenburg,
	Austria}}

@STRING{ijc = {Int. J. of Climatology}}

@STRING{ijep = {Int. J. Environment and Pollution}}

@STRING{ijetm = {Int. J. of Environmental Technology and Management}}

@STRING{ijrs = {Int. J. Remote Sensing}}

@STRING{ivl = {Swedish Environmental Research Institute (IVL), Gothenburg, Sweden}}

@STRING{jac = {J. Atmos. Chem.}}

@STRING{jaers = {J. of Aerosol Science}}

@STRING{jam = {J. Appl. Met.}}

@STRING{jas = {J. of Atmospheric Sciences}}

@STRING{jastp = {J. of Atmos. Solar--Terr. Phys.}}

@STRING{jatp = {J. of Atmos. Terr. Phys.}}

@STRING{jawma = {J. Air Waste Manage. Assoc.}}

@STRING{jc = {J. of Climate}}

@STRING{jcam = {J. Clim. Appl. Met.}}

@STRING{jclim = {J. Climate}}

@STRING{jcop = {J. Comp. Phys.}}

@STRING{jcp = {J. Chem. Phys.}}

@STRING{jem = {J. Environ. Monit.}}

@STRING{jgr = {J. Geophys. Res.}}

@STRING{jgra = {J. Geophys. Res.}}

@STRING{jgrb = {J. Geophys. Res.}}

@STRING{jma = {J. Math. Phys.}}

@STRING{jmsj = {J. Met. Soc. of Japan}}

@STRING{josa = {J. Opt. Soc. Am.}}

@STRING{jpc = {J. Phys. Chem.}}

@STRING{jpca = {J. Phys. Chem. A}}

@STRING{jpo = {J. Phys. Oceanogr.}}

@STRING{jqsrt = {J. Quant. Spectrosc. Radiat. Transfer}}

@STRING{lo = {Limnol. Oceanogr.}}

@STRING{map = {Meteorol. Atmos. Phys.}}

@STRING{mchem = {Marine Chem.}}

@STRING{meps = {Mar. Ecol. Prog. Ser.}}

@STRING{met = {Metrologia}}

@STRING{metno = {The Norwegian Meteorological Institute, Oslo, Norway}}

@STRING{mic = {Modelling, identification and control}}

@STRING{mnras = {Mon. Not. R. Astr. Soc}}

@STRING{mwr = {Mon. Weather Rev.}}

@STRING{nat = {Nature}}

@STRING{ncc = {Nat. Clim. Change}}

@STRING{ngeo = {Nature Geoscience}}

@STRING{nhess = {Nat. Hazards Earth Syst. Sci.}}

@STRING{nilu = {The Norwegian Institute for Air Research (NILU), Kjeller, Norway}}

@STRING{NP = {New Phytol.}}

@STRING{nse = {Nuclear Science and Engineering}}

@STRING{o = {Oceanography}}

@STRING{oa = {Optica Acta}}

@STRING{ol = {Origins of Life}}

@STRING{pag = {Pure and Applied Geophysics}}

@STRING{pasj = {Pub. Astron. Soc. of Japan}}

@STRING{pd = {Photodermatology}}

@STRING{phila = {Phil. Trans. R. Soc. Lond. A}}

@STRING{philb = {Phil. Trans. R. Soc. Lond. B}}

@STRING{pla = {Physics Letters A}}

@STRING{pnas = {Proceedings of the National Academy of Sciences of the United States of America}}

@STRING{pp = {Photochemistry and Photobiology}}

@STRING{pgeo = {Physical Geography}}

@STRING{pr = {Physical Review}}

@STRING{prd = {Physical Review D}}

@STRING{proca = {Proc. R. Soc. Lond. A}}

@STRING{procb = {Proc. R. Soc. Lond. B}}

@STRING{pss = {Planet. Space Sci.}}

@STRING{qjrms = {Q. J. R. Meteorol. Soc.}}

@STRING{rg = {Reviews of Geophysics}}

@STRING{rgsp = {Rev. Geophys. Space Phys.}}

@STRING{rmp = {Rev. Modern. Phys.}}

@STRING{rs = {Radio Science}}

@STRING{rse = {Remote Sensing of environment}}

@STRING{s = {Science}}

@STRING{sg = {Surveys in Geophysics}}

@STRING{siam = {SIAM J. Numer. Anal.}}

@STRING{sp = {Solar Physics}}

@STRING{spj = {Sov. Phys.--JETP}}

@STRING{ssr = {Space Science Reviews}}

@STRING{ste = {Sci. of the Total Environ.}}

@STRING{t = {Tellus}}

@STRING{tac = {Theor. Appl. Climatol.}}

@STRING{tb = {Tellus}}

@STRING{tfsc = {Tech. Forecasting \& Social Change}}

@STRING{wasp = {Water, Air and Soil Pollution}}

@STRING{zn = {Z. Naturforsch.}}



@Article{EDGARv432,
AUTHOR = {Crippa, M. and Guizzardi, D. and Muntean, M. and Schaaf, E. and Dentener, F. and van Aardenne, J. A. and Monni, S. and Doering, U. and Olivier, J. G. J. and Pagliari, V. and Janssens-Maenhout, G.},
TITLE = {Gridded emissions of air pollutants for the period 1970--2012 within EDGAR v4.3.2},
JOURNAL = essd,
VOLUME = {10},
NUMBER={4},
YEAR = {2018},
PAGES = {1987--2013},
DOI = {10.5194/essd-10-1987-2018}
}

@MISC{EDGARv50,
author = {Crippa, M. and Guizzardi, D. and Muntean, M. and Schaaf, E.},
title = {EDGAR v5.0 Global Air Pollutant Emissions (Dataset)},
year = {2019},
note = {European Commission, Joint Research Centre (JRC)} 
}

@Misc{CONDws2020,
  title = {How should condensables be included in PM emission inventories reported to EMEP/CLRTAP? Report of the expert workshop on condensable organics organised by MSC-W, Gothenburg, 17-19th March 2020},
  author = {Simpson, D. and Fagerli, H. and Colette, A. and Denier van der Gon, H. and Dore, C. and Hallquist, M. and Hansson, H. C. and Maas, R. and Rouil, L. and Allemand, N. and Bergstr{\"o}m, R. and Bessagnet, B. and Couvidat, F. and El Haddad, I. and Safont, J. G. and Goile, F. and Grieshop, A. and Fraboulet, I. and Hallquist, {\AA}. and Hamilton, J. and Juhrich, K. and Klimont, Z. and Kregar, Z. and Mawdsely, I. and Megaritis, A. and Ntziachristos, L. and Pandis, S. and Pr{\'e}v{\^o}t, A. S. H. and  Schindlbacher, S. and Seljeskog, M. and Sirina-Leboine, N. and Sommers, J. and {\AA}str{\"o}m, S.},
  year = 2020,
  note = {EMEP Technical Report MSC-W 4/2020, ISSN 1504-6206}
}

@misc{GranierCAMS2019,
  author =        {Granier, C. and Darras, S. and Denier van der Gon, H. and
                   Doubalova, J. and Elguindi, N. and Galle, B. and
                   Gauss, M. and Guevara, M. and Jalkanen, J.-P. and
                   Kuenen, J. and Liousse, C. and Quack, B. and
                   Simpson, D. and Sindelarova, K.},
  title =         {The Copernicus Atmosphere Monitoring Service global
                   and regional emissions (April 2019 version)},
  year =          {2019},
  doi =           {10.24380/d0bn-kx16},
  url =           {https://atmosphere.copernicus.eu/sites/default/files/2019-
                  06/cams_emissions_general_document_apr2019_v7.pdf},
}

@article{Lana2011,
  author =        {Lana, A. and Bell, T. G. and Simo, R. and
                   Vallina, S. M. and Ballabrera-Poy, J. and
                   Kettle, A. J. and Dachs, J. and Bopp, L. and
                   Saltzman, E. S. and Stefels, J. and Johnson, J. E. and
                   Liss, P. S.},
  journal =       {Global Biogeochem. Cycles},
  month =         {{JAN 29}},
  title =         {{An updated climatology of surface dimethlysulfide
                   concentrations and emission fluxes in the global
                   ocean}},
  volume =        {{25}},
  year =          {{2011}},
  abstract =      {{The potentially significant role of the biogenic
                   trace gas dimethylsulfide (DMS) in determining the
                   Earth's radiation budget makes it necessary to
                   accurately reproduce seawater DMS distribution and
                   quantify its global flux across the sea/air
                   interface. Following a threefold increase of data
                   (from 15,000 to over 47,000) in the global surface
                   ocean DMS database over the last decade, new global
                   monthly climatologies of surface ocean DMS
                   concentration and sea-to-air emission flux are
                   presented as updates of those constructed 10 years
                   ago. Interpolation/extrapolation techniques were
                   applied to project the discrete concentration data
                   onto a first guess field based on Longhurst's
                   biogeographic provinces. Further objective analysis
                   allowed us to obtain the final monthly maps. The new
                   climatology projects DMS concentrations typically in
                   the range of 1-7 nM, with higher levels occurring in
                   the high latitudes, and with a general trend toward
                   increasing concentration in summer. The increased
                   size and distribution of the observations in the DMS
                   database have produced in the new climatology
                   substantially lower DMS concentrations in the polar
                   latitudes and generally higher DMS concentrations in
                   regions that were severely undersampled 10 years ago,
                   such as the southern Indian Ocean. Using the new DMS
                   concentration climatology in conjunction with
                   state-of-the-art parameterizations for the sea/air
                   gas transfer velocity and climatological wind fields,
                   we estimate that 28.1 (17.6-34.4) Tg of sulfur are
                   transferred from the oceans into the atmosphere
                   annually in the form of DMS. This represents a global
                   emission increase of 17\% with respect to the
                   equivalent calculation using the previous
                   climatology. This new DMS climatology represents a
                   valuable tool for atmospheric chemistry, climate, and
                   Earth System models.}},
  doi =           {10.1029/2010GB003850},
  issn =          {{0886-6236}},
}

@article{Nightingale2000,
  author =        {Nightingale, PD and Malin, G and Law, CS and
                   Watson, AJ and Liss, PS and Liddicoat, MI and
                   Boutin, J and Upstill-Goddard, RC},
  journal =       {Global Biogeochem. Cycles},
  month =         {{MAR}},
  number =        {{1}},
  pages =         {{373-387}},
  title =         {{In situ evaluation of air-sea gas exchange
                   parameterizations using novel conservative and
                   volatile tracers}},
  volume =        {{14}},
  year =          {{2000}},
  abstract =      {{Measurements of air-sea gas exchange rates are
                   reported from two deliberate tracer experiments in
                   the southern North Sea during February 1992 and 1993.
                   A conservative tracer, spores of the bacterium
                   Bacillus globigii var. Niger, was used for the first
                   time in an in situ air-sea gas exchange experiment.
                   This nonvolatile tracer is used to correct for
                   dispersive dilution of the volatile tracers and
                   allows three estimations of the transfer velocity for
                   the same time period. The first estimation of the
                   power dependence of gas transfer on molecular
                   diffusivity in the marine environment is reported.
                   This allows the impact of bubbles on estimates of the
                   transfer velocity derived from changes in the
                   helium/sulphur hexafluoride ratio to be assessed.
                   Data from earlier dual tracer experiments are
                   reinterpreted, and findings suggest that results from
                   all dual tracer experiments are mutually consistent.
                   The complete data set is used to test published
                   parameterizations of gas transfer with wind speed. A
                   gas exchange relationship that shows a dependence on
                   wind speed intermediate between those of Liss and
                   Merlivat {[}1986] and Wanninkhof {[}1992] is found to
                   be optimal. The dual tracer data are shown to be
                   reasonably consistent with global estimates of gas
                   exchange based on the uptake of natural and
                   bomb-derived radiocarbon. The degree of scatter in
                   the data when plotted against wind speed suggests
                   that parameters not scaling with wind speed are also
                   influencing gas exchange rates.}},
  doi =           {10.1029/1999GB900091},
  issn =          {{0886-6236}},
}

@article{Wanninkhof2014,
  author =        {Wanninkhof, R.},
  journal =       {Limnol. Oceanogr. Methods},
  pages =         {351–-362},
  title =         {Relationship between wind speed and gas exchange over
                   the ocean revisited},
  volume =        {12},
  year =          {2014},
  doi =           {10.4319/lom.2014.12.351},
}
