@Article{denby-2020,
AUTHOR = {Denby, B.R. and Gauss, M. and Wind, P. and Mu, Q. and Gr{\o}tting W{\ae}rsted, E. and Fagerli, H. and Valdebenito, A. and Klein, H.},
TITLE = {Description  of  the  uEMEP\_v5  downscaling approach for the EMEP MSC-W chemistry transport model},
JOURNAL = {Geoscientific Model Development Discussions},
VOLUME = {2020},
YEAR = {2020},
PAGES = {1--38},
URL = {https://www.geosci-model-dev-discuss.net/gmd-2020-119/},
DOI = {10.5194/gmd-2020-119}
}

@Article{wind-2020,
AUTHOR = {Wind, P. and Rolstad Denby, B. and Gauss, M.},
TITLE = {Local fractions -- a method for the calculation of local source contributions to air pollution, illustrated by examples using the EMEP MSC-W model (rv4\_33)},
JOURNAL = {Geoscientific Model Development},
VOLUME = {13},
YEAR = {2020},
NUMBER = {3},
PAGES = {1623--1634},
URL = {https://www.geosci-model-dev.net/13/1623/2020/},
DOI = {10.5194/gmd-13-1623-2020}
}

@Article{grythe-2019,
AUTHOR = {Grythe, H. and Lopez-Aparicio, S. and Vogt, M. and Vo Thanh, D. and Hak, C. and Halse, A. K. and Hamer, P. and Sousa Santos, G.},
TITLE = {The MetVed model: development and evaluation of emissions from residential wood combustion at high spatio-temporal resolution in Norway},
JOURNAL = {Atmos. Chem. Physics},
VOLUME = {19},
YEAR = {2019},
PAGES = {10217â€“-10237},
URL = {https://doi.org/10.5194/acp-19-10217-2019},
DOI = {10.5194/acp-19-10217-2019}
}

@article{DENBY2013283,
title = "A coupled road dust and surface moisture model to predict non-exhaust road traffic induced particle emissions (NORTRIP). Part 1: Road dust loading and suspension modelling",
journal = "Atmospheric Environment",
volume = "77",
pages = "283 - 300",
year = "2013",
issn = "1352-2310",
doi = "https://doi.org/10.1016/j.atmosenv.2013.04.069",
url = "http://www.sciencedirect.com/science/article/pii/S1352231013003336",
author = "B.R. Denby and I. Sundvor and C. Johansson and L. Pirjola and M. Ketzel and M. Norman and K. Kupiainen and M. Gustafsson and G. Blomqvist and G. Omstedt",
keywords = "Air quality, Particulate matter, Non-exhaust emissions, Road dust, Suspension",
}

@article{DENBY2013485,
title = "A coupled road dust and surface moisture model to predict non-exhaust road traffic induced particle emissions (NORTRIP). Part 2: Surface moisture and salt impact modelling",
journal = "Atmospheric Environment",
volume = "81",
pages = "485 - 503",
year = "2013",
issn = "1352-2310",
doi = "https://doi.org/10.1016/j.atmosenv.2013.09.003",
url = "http://www.sciencedirect.com/science/article/pii/S1352231013006912",
author = "B.R. Denby and I. Sundvor and C. Johansson and L. Pirjola and M. Ketzel and M. Norman and K. Kupiainen and M. Gustafsson and G. Blomqvist and M. Kauhaniemi and G. Omstedt",
keywords = "Air quality, Non-exhaust emissions, Road dust, Suspension, Road surface moisture",
}

 @misc{OpenStreetMap,
   author = {{OpenStreetMap contributors}},
   title = {{Planet dump retrieved from https://planet.osm.org }},
   howpublished = "\url{ https://www.openstreetmap.org }",
   year = {2020},
 }
 
  @misc{GHS,
   author = "Schiavina, M. and Freire, S. and MacManus, K.",
   title = "GHS population grid multitemporal (1975, 1990, 2000, 2015) R2019A",
    doi = "10.2905/42E8BE89-54FF-464E-BE7B-BF9E64DA5218",
    url = "http://data.europa.eu/89h/0c6b9751-a71f-4062-830b-43c9f432370f",
    journal = "European Commission, Joint Research Centre (JRC)",
   year = {2019},
 }
 
  @misc{Kystverket,
   author = "Kystverket",
   title = "AIS global shipping emission data, directly provided by Kystverket to MET Norway.",
   url = "https://www.kystverket.no/en",
   year = "2020",
 }

 Kystverket, 2020. Directly provided by Kystverket to MET Norway. Documentation available at https://havbase.kystverket.no/havbase_report/doc/Havbase.pdf. URL: https://www.kystverket.no/en